@article{alphago,
	author = "{Silver David} and {Huang Aja} and {Maddison Chris J.} and {Guez Arthur} and {Sifre Laurent} and van den Driessche George and {Schrittwieser Julian} and {Antonoglou Ioannis} and {Panneershelvam Veda} and {Lanctot Marc} and {Dieleman Sander} and {Grewe Dominik} and {Nham John} and {Kalchbrenner Nal} and {Sutskever Ilya} and {Lillicrap Timothy} and {Leach Madeleine} and {Kavukcuoglu Koray} and {Graepel Thore} and {Hassabis Demis}",
	doi = "http://dx.doi.org/10.1038/nature16961 10.1038/nature16961",
	issn = "0028-0836",
	journal = "Nature",
	month = "jan",
	number = "7587",
	pages = "484--489",
	publisher = "Nature Publishing Group, a division of Macmillan Publishers Limited. All Rights Reserved.",
	title = "{Mastering the game of Go with deep neural networks and tree search}",
	url = "http://www.nature.com/nature/journal/v529/n7587/abs/nature16961.html\#supplementary-information",
	volume = "529",
	year = "2016"
}
@article{reinforcement,
  author    = {Max Jaderberg and
    Volodymyr Mnih and
      Wojciech Marian Czarnecki and
      Tom Schaul and
      Joel Z. Leibo and
      David Silver and
      Koray Kavukcuoglu},
  title     = {Reinforcement Learning with Unsupervised Auxiliary Tasks},
  journal   = {CoRR},
  volume    = {abs/1611.05397},
  year      = {2016},
  url       = {http://arxiv.org/abs/1611.05397},
  timestamp = {Thu, 01 Dec 2016 19:32:08 +0100},
  biburl    = {http://dblp.uni-trier.de/rec/bib/journals/corr/JaderbergMCSLSK16},
  bibsource = {dblp computer science bibliography, http://dblp.org}
}
@ARTICLE{neuromorphicIC, 
  author={G. Volanis and A. Antonopoulos and A. A. Hatzopoulos and Y. Makris}, 
  journal={IEEE Design Test}, 
  title={Toward Silicon-Based Cognitive Neuromorphic ICs - A Survey}, 
  year={2016}, 
  volume={33}, 
  number={3}, 
  pages={91-102}, 
  keywords={VLSI;learning (artificial intelligence);neural chips;silicon;learning mechanism;neuromorphic VLSI
    system;silicon-based cognitive neuromorphic IC;Biological neural networks;Computers;Integrated circuit
      modeling;Neuromorphics;Neurons;Silicon}, 
  doi={10.1109/MDAT.2016.2545159}, 
  ISSN={2168-2356}, 
  month={June}
}
@ARTICLE{semantic,
  author = {{De Sousa Webber}, F.},
  title = "{Semantic Folding Theory And its Application in Semantic Fingerprinting}",
  journal = {ArXiv e-prints},
  archivePrefix = "arXiv",
  eprint = {1511.08855},
  primaryClass = "cs.AI",
  keywords = {Computer Science - Artificial Intelligence, Computer Science - Computation and Language,
    Quantitative Biology - Neurons and Cognition},
  year = 2015,
  month = nov,
  adsurl = {http://adsabs.harvard.edu/abs/2015arXiv151108855D},
  adsnote = {Provided by the SAO/NASA Astrophysics Data System}
}
@INPROCEEDINGS{soniya, 
  author={Soniya and S. Paul and L. Singh}, 
  booktitle={2015 IEEE Workshop on Computational Intelligence: Theories, Applications and Future Directions (WCI)}, 
  title={A review on advances in deep learning}, 
  year={2015}, 
  pages={1-6}, 
  keywords={Biological neural networks;Computer architecture;Feature extraction;Machine learning;Supervised
    learning;Unsupervised learning;conventional neural networks;deep learning;deep neural networks}, 
  doi={10.1109/WCI.2015.7495514}, 
  month={Dec}
}
